<record><leader>00000cas a22000007a 4500</leader><controlfield tag="001">37450588</controlfield><controlfield tag="008">970811c19939999meuwr ne      0    0eng d</controlfield><datafield ind1=" " ind2=" " tag="010"><subfield code="a">sn 97062730 </subfield></datafield><datafield ind1=" " ind2=" " tag="040"><subfield code="a">MBN</subfield><subfield code="b">eng</subfield><subfield code="c">MBN</subfield><subfield code="d">OCLCQ</subfield><subfield code="d">OCLCF</subfield><subfield code="d">OCLCO</subfield></datafield><datafield ind1="1" ind2=" " tag="029"><subfield code="a">AU@</subfield><subfield code="b">000013434795</subfield></datafield><datafield ind1=" " ind2=" " tag="042"><subfield code="a">msc</subfield></datafield><datafield ind1=" " ind2=" " tag="043"><subfield code="a">n-us-me</subfield></datafield><datafield ind1="0" ind2="4" tag="245"><subfield code="a">The Southern Maine coastal beacon.</subfield></datafield><datafield ind1="3" ind2="0" tag="246"><subfield code="a">Coastal beacon</subfield></datafield><datafield ind1=" " ind2=" " tag="260"><subfield code="a">Saco, ME :</subfield><subfield code="b">BonAire Publications</subfield></datafield><datafield ind1=" " ind2=" " tag="300"><subfield code="a">v.</subfield></datafield><datafield ind1=" " ind2=" " tag="310"><subfield code="a">Weekly</subfield></datafield><datafield ind1="0" ind2=" " tag="362"><subfield code="a">Vol. 1, no. 1 (July 8, 1993)-</subfield></datafield><datafield ind1=" " ind2=" " tag="530"><subfield code="a">Selected articles and columns available in online version: Coastal beacon.</subfield></datafield><datafield ind1=" " ind2="0" tag="651"><subfield code="a">Saco (Me.)</subfield><subfield code="v">Newspapers.</subfield></datafield><datafield ind1=" " ind2="7" tag="655"><subfield code="a">Newspapers.</subfield><subfield code="2">fast</subfield><subfield code="0">(OCoLC)fst01423814</subfield></datafield><datafield ind1=" " ind2="7" tag="651"><subfield code="a">Maine</subfield><subfield code="z">Saco.</subfield><subfield code="2">fast</subfield><subfield code="0">(OCoLC)fst01218837</subfield></datafield><datafield ind1=" " ind2=" " tag="752"><subfield code="a">United States</subfield><subfield code="b">Maine</subfield><subfield code="c">York</subfield><subfield code="d">Saco.</subfield></datafield></record>